<?xml version="1.0" encoding="utf-8"?>
<record xmlns="http://www.loc.gov/MARC21/slim" xmlns:xsi="http://www.w3.org/2001/XMLSchema-instance" xsi:schemaLocation="http://www.loc.gov/MARC21/slim http://www.loc.gov/standards/marcxml/schema/MARC21slim.xsd">
	<leader>
		02240nam a2200421   4500
	</leader>
	<controlfield tag="001">
		001689377
	</controlfield>
	<controlfield tag="003">
		NNU
	</controlfield>
	<controlfield tag="006">
		m        d        
	</controlfield>
	<controlfield tag="007">
		cr cn |||m|||a
	</controlfield>
	<controlfield tag="008">
		150923s1964    iq      ob   f000 0 ara d
	</controlfield>
	<datafield ind1=" " ind2=" " tag="040">
		<subfield code="a">
			NNU
		</subfield>
		<subfield code="b">
			eng
		</subfield>
		<subfield code="c">
			NNU
		</subfield>
	</datafield>
	<datafield ind1=" " ind2=" " tag="043">
		<subfield code="a">
			aw-----
		</subfield>
		<subfield code="a">
			n-us---
		</subfield>
	</datafield>
	<datafield ind1=" " ind2="4" tag="050">
		<subfield code="a">
			DS63.2.U5
		</subfield>
		<subfield code="b">
			M62 1964
		</subfield>
	</datafield>
	<datafield ind1=" " ind2=" " tag="066">
		<subfield code="c">
			(3
		</subfield>
	</datafield>
	<datafield ind1=" " ind2=" " tag="090">
		<subfield code="a">
			DS63.2.U5
		</subfield>
		<subfield code="b">
			M62 1964
		</subfield>
	</datafield>
	<datafield ind1="1" ind2=" " tag="100">
		<subfield code="6">
			880-01
		</subfield>
		<subfield code="a">
			Mohamad, Fadhil Zaky.
		</subfield>
	</datafield>
	<datafield ind1="1" ind2="3" tag="245">
		<subfield code="6">
			880-02
		</subfield>
		<subfield code="a">
			al-Kūnkris al-Amīrikī wa-nakbat Filasṭīn
		</subfield>
		<subfield code="h">
			[electronic resource] :
		</subfield>
		<subfield code="b">
			ḥaqāʼiq daqīqah takshufuhā muḥāḍir jalasāt al-Kūnkris ʻan dawr al-Ṣihyūnīyah fī taqrīr siyāsat Amīrikā fī Filasṭīn /
		</subfield>
		<subfield code="c">
			taʼlīf Fāḍil Zaky Muḥammad.
		</subfield>
	</datafield>
	<datafield ind1=" " ind2=" " tag="260">
		<subfield code="6">
			880-03
		</subfield>
		<subfield code="a">
			Baghdād :
		</subfield>
		<subfield code="b">
			Wizārat al-Thaqāfah wa-al-Irshād,
		</subfield>
		<subfield code="c">
			1964.
		</subfield>
	</datafield>
	<datafield ind1=" " ind2=" " tag="300">
		<subfield code="a">
			online resource (58 p.)
		</subfield>
	</datafield>
	<datafield ind1="1" ind2=" " tag="490">
		<subfield code="6">
			880-04
		</subfield>
		<subfield code="a">
			al-Silsilah al-siyāsīyah ;
		</subfield>
		<subfield code="v">
			4
		</subfield>
	</datafield>
	<datafield ind1=" " ind2=" " tag="500">
		<subfield code="a">
			Part of the Arabic Collections Online (ACO) project, contributed by New York Univeristy Libraries.
		</subfield>
	</datafield>
	<datafield ind1=" " ind2=" " tag="504">
		<subfield code="a">
			Includes bibliographical references.
		</subfield>
	</datafield>
	<datafield ind1=" " ind2=" " tag="533">
		<subfield code="a">
			Electronic reproduction.
		</subfield>
		<subfield code="b">
			New York, N.Y. :
		</subfield>
		<subfield code="c">
			New York University,
		</subfield>
		<subfield code="d">
			2015.
		</subfield>
		<subfield code="5">
			NNU
		</subfield>
	</datafield>
	<datafield ind1=" " ind2="0" tag="650">
		<subfield code="a">
			Jewish-Arab relations.
		</subfield>
	</datafield>
	<datafield ind1=" " ind2="0" tag="651">
		<subfield code="a">
			United States
		</subfield>
		<subfield code="x">
			Foreign relations
		</subfield>
		<subfield code="z">
			Middle East.
		</subfield>
	</datafield>
	<datafield ind1=" " ind2="0" tag="651">
		<subfield code="a">
			Middle East
		</subfield>
		<subfield code="x">
			Foreign relations
		</subfield>
		<subfield code="z">
			United States.
		</subfield>
	</datafield>
	<datafield ind1="2" ind2=" " tag="710">
		<subfield code="a">
			New York University.
		</subfield>
		<subfield code="b">
			Libraries.
		</subfield>
	</datafield>
	<datafield ind1="0" ind2=" " tag="730">
		<subfield code="a">
			Arabic Collections Online.
		</subfield>
	</datafield>
	<datafield ind1="0" ind2="8" tag="776">
		<subfield code="i">
			Print version:
		</subfield>
		<subfield code="a">
			Mohamad, Fadhil Zaky.
		</subfield>
		<subfield code="t">
			al-Kūnkris al-Amīrikī wa-nakbat Filasṭīn
		</subfield>
		<subfield code="w">
			(NNU)001689377
		</subfield>
	</datafield>
	<datafield ind1="4" ind2="0" tag="856">
		<subfield code="u">
			http://hdl.handle.net/2333.1/vdncjwj5
		</subfield>
	</datafield>
	<datafield ind1="1" ind2=" " tag="880">
		<subfield code="6">
			100-01/
		</subfield>
		<subfield code="a">
			محمد، فاضل زكى.
		</subfield>
	</datafield>
	<datafield ind1="1" ind2="2" tag="880">
		<subfield code="6">
			245-02/
		</subfield>
		<subfield code="a">
			الكونكرس الأميركي ونكبة فلسطين :
		</subfield>
		<subfield code="b">
			حقائق دقيقة تكشفها محاضر جلسات الكونكرس عن دور الصهيونية في فقرير سياسة أمريكا فى فلسطين /
		</subfield>
		<subfield code="c">
			تأليف فاضل زكى محمد.
		</subfield>
	</datafield>
	<datafield ind1=" " ind2=" " tag="880">
		<subfield code="6">
			260-03/
		</subfield>
		<subfield code="a">
			بغداد :
		</subfield>
		<subfield code="b">
			مزارة الثقافة والارشاد،
		</subfield>
		<subfield code="c">
			١٩٦٤.
		</subfield>
	</datafield>
	<datafield ind1="0" ind2=" " tag="880">
		<subfield code="6">
			490-04/
		</subfield>
		<subfield code="a">
			السلسلة السياسية ؛
		</subfield>
		<subfield code="v">
			٤
		</subfield>
	</datafield>
	<datafield ind1=" " ind2="0" tag="830">
		<subfield code="6">
			880-05
		</subfield>
		<subfield code="a">
			Silsilah al-siyāsīyah ;
		</subfield>
		<subfield code="v">
			4.
		</subfield>
	</datafield>
	<datafield ind1=" " ind2="0" tag="880">
		<subfield code="6">
			830-05/
		</subfield>
		<subfield code="a">
			السلسلة السياسية ؛
		</subfield>
		<subfield code="v">
			٤
		</subfield>
	</datafield>
	<datafield ind1=" " ind2=" " tag="959">
		<subfield code="a">
			NNU
		</subfield>
		<subfield code="b">
			WEB
		</subfield>
		<subfield code="c">
			GENI
		</subfield>
		<subfield code="t">
			0
		</subfield>
		<subfield code="m">
			Electronic access
		</subfield>
		<subfield code="s">
			01
		</subfield>
	</datafield>
	<datafield ind1=" " ind2=" " tag="999">
		<subfield code="i">
			NNU_001689377
		</subfield>
		<subfield code="s">
			nyu_aco001277
		</subfield>
	</datafield>
</record>
